@article{article:convex-hull,
	AUTHOR="Ronald L. Graham, F.Frances Yao",
	TITLE="Finding the Convex Hull of a Simple Polygon",
	PUBLISHER="Jornal of Algorithms",
	YEAR="1983",
}

@book{book:open-cv,
	AUTHOR="Sunila Gollapudi",
	TITLE="Learn Computer Vision Using OpenCV",
	PUBLISHER="apress",
	YEAR="2019",
}

@manual{rules:handbook,
	AUTHOR="",
	TITLE="FSG Competition Handbook 2020",
	PUBLISHER="FSG",
	YEAR="2019",
}